@article{devlin2004high,
  title={A high capacity completely closed-cycle 250 mK $^3$He refrigeration system based on a pulse tube cooler},
  author={Devlin, MJ and Dicker, SR and Klein, J and Supanich, MP},
  journal={Cryogenics},
  volume={44},
  number={9},
  pages={611--616},
  year={2004},
  publisher={Elsevier}
}